<?xml version="1.0" encoding="UTF-8"?><collection xmlns="http://www.loc.gov/MARC21/slim"><record><leader>00449nam--2200145-i-4500</leader><controlfield tag="001">000011344</controlfield><controlfield tag="002">20161230</controlfield><controlfield tag="005">20170209155602</controlfield><controlfield tag="008">060222s1000------------r-----000-0-eng-d</controlfield><datafield ind1=" " ind2=" " tag="100"><subfield code="a">Cotton, Jean-Pierre</subfield></datafield><datafield ind1=" " ind2=" " tag="245"><subfield code="a">Contribution a l etude des polymeres en solution par diffusion de neutrons aux petits angles</subfield><subfield code="b">these</subfield></datafield><datafield ind1=" " ind2=" " tag="260"><subfield code="a">Paris</subfield><subfield code="b">Universite De Paris Vi</subfield><subfield code="c">1973</subfield></datafield><datafield ind1=" " ind2=" " tag="300"><subfield code="a">73 p.+ 27 Fig</subfield></datafield><datafield ind1=" " ind2=" " tag="852"><subfield code="a">541.64(043)</subfield></datafield><datafield ind1=" " ind2=" " tag="CAT"><subfield code="a">SYS</subfield><subfield code="c">20170209</subfield><subfield code="h">155602</subfield></datafield></record></collection>